@article{shinbrot,
	author = {Troy, Shinbrot and Celso, Grebogi and Jack, Wisdom and {James A.}, Yorke},
	journal = {American Journal of Physics},
	month = {6},
	number = {6},
	pages = {491--499},
	publisher = {American Association of Physics Teachers (AAPT)},
	title = {{Chaos in a double pendulum}},
	volume = {60},
	year = {1992},
	doi = {10.1119/1.16860},
}
@misc{pendulum,
	author = {Britannica},
	title = {{pendulum | Definition, Formula, and Types}},
	url = {https://www.britannica.com/technology/pendulum},
	urldate = {2022-05-16}, 
}
}
@misc{double-pendulum,
	author = {Hill, Christian},
	title = {{The double pendulum}},
	url = {https://scipython.com/blog/the-double-pendulum/},
	urldate = {2022-05-16}, 
}
@misc{lib-lagrangian,
	author = {{Libretexts}},
	month = {3},
	title = {{13.1: Introduction to Lagrangian Mechanics}},
	year = {2022},
	url = {https://phys.libretexts.org/Bookshelves/Classical_Mechanics/Classical_Mechanics_(Tatum)/13%3A_Lagrangian_Mechanics/13.01%3A_Introduction_to_Lagrangian_Mechanics},
	urldate = {2022-06-21}, 
}
@misc{action,
	author = {Britannica},
	title = {{Action}},
	url = {https://www.britannica.com/science/action-physics},
	urldate = {2022-06-23}, 
}   
@article{mann-2018,
	author = {P., Peter, Mann},
	journal = {Lagrangian and Hamiltonian Dynamics},
	month = {6},
	pages = {61--88},
	publisher = {Oxford University PressOxford},
	title = {{The Stationary Action Principle}},
	year = {2018},
	doi = {10.1093/oso/9780198822370.003.0007},
}
@misc{helsinki,
	author = {Antti, Honkela},
	title = {{Nonlinear systems and chaos}},
	url = {https://www.cs.helsinki.fi/u/ahonkela/dippa/node13.html},
	urldate = {2022-07-10}, 
}
@misc{roy-2021,
	author = {C.,David, Roy},
	month = {9},
	title = {{Calligraphy}},
	year = {2021},
	url = {https://www.woodthatworks.com/kinetic-sculptures/calligraphy},
	urldate = {2022-07-10}, 
}
@misc{hirvonen-2022,
	author = {V., Ville, Hirvonen},
	month = {10},
	title = {{Lagrangian Mechanics For Dummies: An Intuitive Introduction}},
	year = {2022},
	url = {https://profoundphysics.com/lagrangian-mechanics-for-+beginners/},
	urldate = {2022-07-10}, 
}
@misc{lagrangian-func,
	author = {Britannica},
	title = {{Lagrangian function}},
	url = {https://www.britannica.com/science/Lagrangian-function},
	urldate = {2022-07-10}, 
}
@misc{partial-derivative,
	author = {Weisstein, Eric W.},
	title = {{Partial Derivative}},
	url = {https://mathworld.wolfram.com/PartialDerivative.html},
	publisher = {MathWorld--A Wolfram Web Resource},
	urldate = {2022-07-10}, 
}
@book{fox-2010,
	author = {C., Charles, Fox},
	publisher = {Dover Publications},
	title = {{An Introduction to the Calculus of Variations}},
	month = {10},
	year = {2010},
}
@misc{vid,
	author = {{C., Roy, David}},
	month = {4},
	title = {{Calligraphy kinetic sculpture by David C. Roy}},
	year = {2021},
	url = {https://www.youtube.com/watch?v=1zQz1xM6ttY},
	urldate = {2022-07-10}, 
}
@misc{nzmaths,
	title = {{Variance (of a discrete random variable)}},
	url = {https://nzmaths.co.nz/category/glossary/variance-discrete-random-variable},
	publisher={NZ Maths},
	urldate = {2022-09-08}, 
}