@misc{eric,
	title = {{Double Pendulum -- from Eric Weisstein's World of Physics}},
	url = {https://scienceworld.wolfram.com/physics/DoublePendulum.html},
}
@misc{math24,
	title = {{Double Pendulum}},
	url = {https://math24.net/double-pendulum.html},
}
@misc{allain-2021,
	author = {given-i=R., given=Rhett, family=Allain},
	month = {12},
	title = {{Introduction to Lagrangian Mechanics - Rhett Allain}},
	year = {2021},
	url = {https://rjallain.medium.com/introduction-to-lagrangian-mechanics-8774f5ed5b25},
}
@article{chen-2008,
	author = {given-i=Joe, family=Chen},
	journal = {University of Canterbury},
	title = {{Chaos from simplicity : an introduction to the double pendulum}},
	year = {2008},
	url = {https://ir.canterbury.ac.nz/handle/10092/12659},
}